% !TEX root = main.tex
@incollection{test,
  title={Regularity and positional games},
  author={Hales, Alfred W and Jewett, Robert I},
  booktitle={Classic Papers in Combinatorics},
  pages={320--327},
  year={2009},
  publisher={Springer}
}

@inproceedings{hu2019diachronic,
  title={Diachronic sense modeling with deep contextualized word embeddings: An ecological view},
  author={Hu, Renfen and Li, Shen and Liang, Shichen},
  booktitle={Proceedings of the 57\textsuperscript{th} Annual Meeting of the Association for Computational Linguistics},
  year={2019},
  pages={3899--3908},
  doi={https://doi.org/10.18653/v1/P19-1379}
}

===== english =====
@book{vanhove2008polysemy,
  editor={Vanhove, Martine},
  title={From polysemy to semantic change: Towards a typology of lexical semantic associations}, 
  year={2008},
  publisher={John Benjamins},
  volume={106},
  doi={https://doi.org/10.1075/slcs.106}
}

===== chinese =====
@book{chang2008,
  title={Dāng-dài hàn-yǔ cí-huì fā-zhǎn yán-jiù [当代汉语词汇发展变化研究 {S}tudies on {C}hinese lexicon development in contemporary time]},
  author={{Zhang, Xiao-ping [張小平]}},
  year={2008},
  publisher={Qí-lǔ shū-shè [齐鲁书社 Qilu Press]}
}

@book{zhou2009,
  title={Zhōng-gǔ hàn-yǔ cí-huì yán-jiù gāng-yào [中古汉语词汇研究纲要 {O}utline of pre-modern {M}andarin {C}hinese lexicon]},
  author={{Zhou, Jun-xun [周俊勋]}},
  year={2009},
  publisher={Bā-shǔ shū-shè [巴蜀书社 Ba-shu Press]}
}

@article{wang2005jia,
  title={Shì-shuō gǔ-hàn-yǔ zhòng de cí-zhuì ``jiā'' [試說古漢語中的詞綴``家'' {O}n the suffix ``jia'' in early {M}andarin {C}hinese]},
  author={{Wang, Yun-lu and Gou, Ying [王雲路、郭穎]}},
  year={2005},
  journal={Gǔ-hàn-yǔ yán-jiù [古汉语研究 Studies on the Ancient Chinese]},
  number={1},
  pages={29--33},
}

===== corpora =====
@article{sturgeon2019ctext,
  title={Chinese {T}ext {P}roject: {A} dynamic digital library of premodern {C}hinese},
  author={Sturgeon, Donald},
  journal={Digital Scholarship in the Humanities},
  year={2019},
  doi={https://doi.org/10.1093/llc/fqz046}
}

@misc{ctext,
  title={Chinese {T}ext {P}roject},
  author={Sturgeon, Donald},
  year={2020},
  howpublished={\url{https://ctext.org}},
  note={\lastaccessed}
}

@article{chen1996sinica,
  title={Sinica {C}orpus: {D}esign methodology for balanced corpora},
  author={Chen, Keh-Jiann and Huang, Chu-Ren and Chang, Li-Ping and Hsu, Hui-Li},
  journal={Language},
  pages={167--176},
  year={1996},
  doi={http://hdl.handle.net/2065/12025}
}
